% bachelor.bib
% Literaturverzeichnis

%%% Artikel in Journals %%%

@techreport{Baumann07,
  author = {Baumann, Rainer and Heimlicher, Simon and Strasser, Mario and Weibel, Andreas},
  title = {A Survey on Routing Metrics},
  type = {TIK Report},
  year = {2007},
  month = {Februar},
  number = {216},
  address = {Zürich, Schweiz},
  institution = {Computer Engineering and Networks Laboratory, ETH-Zentrum},
}

@inproceedings{Johnson08,
  author = {Johnson, David and Ntlatlapa, Ntsibane and Aichele, Corinna},
  title = {A simple pragmatic approach to mesh routing using batman},
  booktitle = {2nd IFIP International Symposium on Wireless Communications and Information Technology in Developing Countries},
  publisher = {WCITD},
  address = {Pretoria, Südafrika},
  year = {2008},
  month = {Oktober},
}

@article{Avudainayagam03,
  author = {Avudainayagam, Arun and Lou, Wenjing and Fang, Yuguang},
  title = {DEAR: A Device and Energy Aware Routing protocol for heterogeneous ad hoc networks},
  journal = {Journal of Parallel and Distributed Computing},
  year = {2004},
  volume = {63},
  number = {2},
  pages = {228--236},
  address = {Cambridge, MA, USA},
  month = {Februar},
  publisher = {Academic Press},
}

@inproceedings{Caroll10,
  author = {Carroll, Aaron and Heiser, Gernot},
  year = {2010},
  month = {Juni},
  pages = {21ff.},
  title = {An analysis of power consumption in a smartphone},
  booktitle = {USENIX '10 Proceedings of the 2010 USENIX conference on USENIX annual technical conference},
  address = {New York, NY, USA},
  publisher = {ACM},
}

@article{Booranawong13,
  author = {Booranawong, Apidet and Teerapabkajorndet, Wiklom and Limsakul, Chusak},
  year = {2013},
  month = {Juli},
  pages = {8303--8330},
  title = {Energy Consumption and Control Response Evaluations of AODV Routing in WSANs for Building-Temperature Control},
  volume = {13},
  number = {7},
  journal = {Sensors — Open Access Journal},
  address = {Bern, Schweiz},
  publisher = {MDPI},
}

@article{Tawalbeh16,
  author = {Tawalbeh, Mohammad and Eardley, Alan and Tawalbeh, Loai},
  title = {Studying the Energy Consumption in Mobile Devices},
  journal = {Procedia Computer Science},
  year = {2016},
  month = {August},
  volume = {94},
  pages = {183--189},
  address = {Amsterdam, Niederlande},
  publisher = {Elsevie},
}

@inproceedings{Zhao12,
  author = {Zhaom, Zhongliang and Mosler, Björn and Braun, Torsten},
  title = {Performance evaluation of opportunistic routing protocols: a framework-based approach using OMNeT++},
  booktitle = {LANC '12 Proceedings of the 7th Latin American Networking Conference},
  year = {2012},
  month = {Oktober},
  pages = {28--35},
  address = {New York, NY, USA},
  publisher = {ACM},
}

@article{Azzedine11,
  author = {Boukerchea, Azzedine and Turgut, Begumhan and Aydin, Nevin and Ahmad, Mohammad and Bölöni, Ladislau and Turgut, Damla},
  title = {Routing protocols in ad hoc networks: A survey},
  journal = {Computer Networks},
  year = {2011},
  volume = {55},
  number = {13},
  pages = {3032--3080},
  month = {September},
  address = {Amsterdam, Niederlande},
  publisher = {Elsevier},
}

@article{Kumar13,
  author = {Kumar, Nitin and Ahmed Alvi, Parvez and Singh Yadav, Ajay and Swami, Anupam},
  title = {A Study of Routing Protocols for Ad-hoc Network},
  journal = {International Journal of Application or Innovation in Engineering and Management},
  year = {2013},
  pages = {154--159},
  month = {Juni},
  volume = {2},
  number = {6},
  address = {Gwalior, Indien},
  publisher = {IJAIEM},
}

@inproceedings{Huang12,
  author = {Huang, Junxian and Qian, Feng and Gerber, Alexandre and Morley Mao, Z. and Sen, Subhabrata and Spatscheck, Oliver},
  title = {A close examination of performance and power characteristics of 4G LTE networks},
  booktitle = {MobiSys '12 Proceedings of the 10th international conference on Mobile systems, applications, and services},
  year = {2012},
  pages = {225--238},
  month = {Juni},
  address = {New York, NY, USA},
  publisher = {ACM},
}

@inproceedings{Singh88,
  author = {Singh, Suresh and Woo, Mike and Raghavendra, C.S.},
  title = {Power-aware routing in mobile ad hoc networks},
  booktitle = {MobiCom '98 Proceedings of the 4th annual ACM/IEEE international conference on Mobile computing and networking},
  year = {1998},
  pages = {181--190},
  month = {Oktober},
  address = {New York, NY, USA},
  publisher = {ACM},
}

@article{Liu09,
  author = {Liu, Erwu and Zhang, Qinqing and Leung, K.K.},
  year = {2011},
  month = {März},
  pages = {948--957},
  volume = {10},
  number = {3},
  journal = {IEEE Transactions on Wireless Communications},
  title = {Clique-Based Utility Maximization in Wireless Mesh Networks},
  address = {New York, NY, USA},
  publisher = {IEEE},
}

@article{Crow97,
  author={Crow, B.P. and Widjaja, I. and Kim, J.G. and Sakai, P.T.}, 
  journal={IEEE Communications Magazine}, 
  title={IEEE 802.11 Wireless Local Area Networks}, 
  year={1997}, 
  volume={35}, 
  number={9}, 
  pages={116--126}, 
  month={September},
  address = {New York, NY, USA},
  publisher = {IEEE},
}

@article{Lenders08, 
  author={Lenders, V. and Wagner, J. and Heimlicher, S. and May, M. and Plattner, B.}, 
  journal={IEEE Wireless Communications}, 
  title={An empirical study of the impact of mobility on link failures in an 802.11 ad hoc network}, 
  year={2008}, 
  volume={15}, 
  number={6}, 
  pages={16--21}, 
  month={Dezember},
  address = {New York, NY, USA},
  publisher = {IEEE},
}

@article{Elbrak11,
  author = {El brak, Said and Bouhorma, Mohammed and Anouar Abdelhakim, Boudhir},
  year = {2011},
  pages = {22--26},
  title = {VoIP over MANET (VoMAN): QoS and Performance Analysis of Routing Protocols for Different Audio Codecs},
  volume = {36},
  number={12}, 
  journal = {International Journal of Computer Applications},
  month={Dezember},
  publisher = {FCS},
  address = {New York, NY, USA},
}

@article{Nishat11,
  author = {Nishat, Humaira and Pothalaiah, Sake and Srinivasa Rao, D.},
  year = {2011},
  pages = {67--75},
  title = {Performance Evaluation of Routing Protocols in MANETS},
  volume = {3},
  number={2}, 
  journal = {International Journal Of Wireless and Mobile Networks},
  month={April},
  publisher = {AIRCC Publishing Corporation},
  address = {Tamil Nadu, Indien},
}

@article{Banerji13,
  author = {Banerji, Sourangsu and Singha Chowdhury, Rahul},
  year = {2013},
  pages = {45--64},
  title = {On IEEE 802.11: Wireless Lan Technology},
  volume = {3},
  number={4}, 
  journal = {International Journal of Mobile Network Communications and Telematics},
  month={August},
  publisher = {AIRCC Publishing Corporation},
  address = {Tamil Nadu, Indien},
}

@article{Camp08,
  author = {Camp, Joseph and Knightly, Edward W.},
  year = {2008},
  month = {September},
  pages = {120--126},
  title = {The IEEE 802.11s Extended Service Set Mesh Networking Standard},
  volume = {46},
  journal = {IEEE Communications Magazine},
  publisher = {IEEE},
  address = {New York, NY, USA},
}

@article{Zimmermann80, 
  author={Hubert Zimmermann}, 
  year = {1980},
  month = {April},
  pages = {425--432},
  title={OSI Reference Model - The ISO Model of Architecture for Open Systems Interconnection}, 
  volume = {28},
  number={4}, 
  journal = {IEEE Transactions on Communications},
  publisher = {IEEE},
  address = {New York, NY, USA},
}

@inbook{Basagni04, 
  author={Stefano Basagni and Marco Conti and Silvia Giordano and Ivan Stojmenovic}, 
  booktitle={Mobile Ad Hoc Networking}, 
  title={IEEE 802.11 AD HOC Networks: Protocols, Performance, and Open Issues}, 
  year={2004}, 
  pages={416ff.}, 
  publisher={WileyIEEE Press}, 
  isbn={9780471656890}, 
  address={Piscataway, NJ, USA},
}

@techreport{Huhtonen04,
  author = {Aleksandr Huhtonen},
  title = {Comparing AODV and OLSR routing protocols},
  type = {Technical Report},
  year = {2004},
  month = {Juni},
  address = {Helsinki, Finnland},
  institution = {Telecommunication Software and Multimedia Laboratory, Helsinki University of Technology},
}

%%% RFC %%%

@techreport{RFC1771,
  author = {Yakov Rekhter and Tony Li},
  title = {A Border Gateway Protocol 4 (BGP-4)},
  howpublished = {Internet Requests for Comments},
  type = {RFC},
  number = {1771},
  year = {1995},
  month = {März},
  issn = {2070-1721},
  publisher = {RFC Editor},
  institution = {RFC Editor},
  url = {http://www.rfc-editor.org/rfc/rfc1771.txt},
  note = {\url{http://www.rfc-editor.org/rfc/rfc1771.txt}},
}

@techreport{RFC2501,
  author = {S. Corson and J. Macker},
  title = {Mobile Ad hoc Networking (MANET): Routing Protocol Performance Issues and Evaluation Considerations},
  howpublished = {Internet Requests for Comments},
  type = {RFC},
  number = {2501},
  year = {1999},
  month = {Januar},
  issn = {2070-1721},
  publisher = {RFC Editor},
  institution = {RFC Editor},
  url = {http://www.rfc-editor.org/rfc/rfc2501.txt},
  note = {\url{http://www.rfc-editor.org/rfc/rfc2501.txt}},
}

@techreport{RFC3561,
  author = {C. Perkins and E. Belding-Royer and S. Das},
  title = {Ad hoc On-Demand Distance Vector (AODV) Routing},
  howpublished = {Internet Requests for Comments},
  type = {RFC},
  number = {3561},
  year = {2003},
  month = {Juli},
  issn = {2070-1721},
  publisher = {RFC Editor},
  institution = {RFC Editor},
  url = {http://www.rfc-editor.org/rfc/rfc3561.txt},
  note = {\url{http://www.rfc-editor.org/rfc/rfc3561.txt}},
}

@techreport{AODV6,
  author = {C. Perkins and E. Belding-Royer and S. Das},
  title = {AODV for IPv6},
  howpublished = {Internet Draft},
  type = {Draft},
  number = {draft-perkins-aodv6-01},
  year = {2000},
  month = {November},
  publisher = {IETF},
  institution = {IETF},
  url = {https://tools.ietf.org/id/draft-perkins-aodv6-01.txt},
  note = {\url{https://tools.ietf.org/id/draft-perkins-aodv6-01.txt}},
}

@techreport{RFC1122,
  author = {Robert Braden},
  title = {Requirements for Internet Hosts - Communication Layers},
  howpublished = {Internet Requests for Comments},
  type = {STD},
  number = {3},
  year = {1989},
  month = {Oktober},
  issn = {2070-1721},
  publisher = {RFC Editor},
  institution = {RFC Editor},
  url = {http://www.rfc-editor.org/rfc/rfc1122.txt},
  note = {\url{http://www.rfc-editor.org/rfc/rfc1122.txt}},
}

@techreport{RFC1180,
  author = {Theodore John Socolofsky and Claudia Jeanne Kale},
  title = {TCP/IP tutorial},
  howpublished = {Internet Requests for Comments},
  type = {RFC},
  number = {1180},
  year = {1991},
  month = {Januar},
  issn = {2070-1721},
  publisher = {RFC Editor},
  institution = {RFC Editor},
  url = {http://www.rfc-editor.org/rfc/rfc1180.txt},
  note = {\url{http://www.rfc-editor.org/rfc/rfc1180.txt}},
}

@techreport{RFC791,
  author = {Jon Postel},
  title = {Internet Protocol},
  howpublished = {Internet Requests for Comments},
  type = {STD},
  number = {5},
  year = {1981},
  month = {September},
  issn = {2070-1721},
  publisher = {RFC Editor},
  institution = {RFC Editor},
  url = {http://www.rfc-editor.org/rfc/rfc791.txt},
  note = {\url{http://www.rfc-editor.org/rfc/rfc791.txt}},
}

@techreport{RFC2460,
  author = {Stephen E. Deering and Robert M. Hinden},
  title = {Internet Protocol, Version 6 (IPv6) Specification},
  howpublished = {Internet Requests for Comments},
  type = {RFC},
  number = {2460},
  year = {1998},
  month = {Dezember},
  issn = {2070-1721},
  publisher = {RFC Editor},
  institution = {RFC Editor},
  url = {http://www.rfc-editor.org/rfc/rfc2460.txt},
  note = {\url{http://www.rfc-editor.org/rfc/rfc2460.txt}},
}

@techreport{RFC3626,
  author = {T. Clausen and P. Jacquet},
  title = {Optimized Link State Routing Protocol (OLSR)},
  howpublished = {Internet Requests for Comments},
  type = {RFC},
  number = {3626},
  year = {2003},
  month = {Oktober},
  issn = {2070-1721},
  publisher = {RFC Editor},
  institution = {RFC Editor},
  url = {http://www.rfc-editor.org/rfc/rfc3626.txt},
  note = {\url{http://www.rfc-editor.org/rfc/rfc3626.txt}},
}

@techreport{RFC826,
  author = {David C. Plummer},
  title = {Ethernet Address Resolution Protocol: Or converting network protocol addresses to 48.bit Ethernet address for transmission on Ethernet hardware},
  howpublished = {Internet Requests for Comments},
  type = {STD},
  number = {37},
  year = {1982},
  month = {November},
  issn = {2070-1721},
  publisher = {RFC Editor},
  institution = {RFC Editor},
  url = {http://www.rfc-editor.org/rfc/rfc826.txt},
  note = {\url{http://www.rfc-editor.org/rfc/rfc826.txt}},
}

@techreport{RFC1812,
  author = {F. Baker},
  title = {Requirements for IP Version 4 Routers},
  howpublished = {Internet Requests for Comments},
  type = {RFC},
  number = {1812},
  year = {1995},
  month = {Juni},
  issn = {2070-1721},
  publisher = {RFC Editor},
  institution = {RFC Editor},
  url = {http://www.rfc-editor.org/rfc/rfc1812.txt},
  note = {\url{http://www.rfc-editor.org/rfc/rfc1812.txt}},
}

@techreport{RFC2644,
  author = {D. Senie},
  title = {Changing the Default for Directed Broadcasts in Routers},
  howpublished = {Internet Requests for Comments},
  type = {BCP},
  number = {34},
  year = {1999},
  month = {August},
  issn = {2070-1721},
  publisher = {RFC Editor},
  institution = {RFC Editor},
  url = {http://www.rfc-editor.org/rfc/rfc2644.txt},
  note = {\url{http://www.rfc-editor.org/rfc/rfc2644.txt}},
}

@techreport{RFC6335,
  author = {M. Cotton and L. Eggert and J. Touch and M. Westerlund and S. Cheshire},
  title = {Internet Assigned Numbers Authority (IANA) Procedures for the Management of the Service Name and Transport Protocol Port Number Registry},
  howpublished = {Internet Requests for Comments},
  type = {BCP},
  number = {165},
  year = {2011},
  month = {August},
  issn = {2070-1721},
  publisher = {RFC Editor},
  institution = {RFC Editor},
  url = {http://www.rfc-editor.org/rfc/rfc6335.txt},
  note = {\url{http://www.rfc-editor.org/rfc/rfc6335.txt}},
}

@techreport{RFC1058,
  author = {C. Hedrick},
  title = {Routing Information Protocol},
  howpublished = {Internet Requests for Comments},
  type = {RFC},
  number = {1058},
  year = {1988},
  month = {Juni},
  issn = {2070-1721},
  publisher = {RFC Editor},
  institution = {RFC Editor},
  url = {http://www.rfc-editor.org/rfc/rfc1058.txt},
  note = {\url{http://www.rfc-editor.org/rfc/rfc1058.txt}},
}

@techreport{RFC5340,
  author = {R. Coltun and D. Ferguson and J. Moy and A. Lindem},
  title = {OSPF for IPv6},
  howpublished = {Internet Requests for Comments},
  type = {RFC},
  number = {5340},
  year = {2008},
  month = {Juli},
  issn = {2070-1721},
  publisher = {RFC Editor},
  institution = {RFC Editor},
  url = {http://www.rfc-editor.org/rfc/rfc5340.txt},
  note = {\url{http://www.rfc-editor.org/rfc/rfc5340.txt}},
}

%%% Websites %%%

@misc{Omn17,
  key = {OmnetManual},
  title = {Omnet++ 5.2 Manual},
  howpublished = {\url{https://omnetpp.org/doc/omnetpp/manual/}},
  note = {Abgerufen: 07.11.2017}
}

